@article{Pleyer2023,
  title = {Agent-based models in cellular systems},
  volume = {10},
  ISSN = {2296-424X},
  url = {http://dx.doi.org/10.3389/fphy.2022.968409},
  DOI = {10.3389/fphy.2022.968409},
  journal = {Frontiers in Physics},
  publisher = {Frontiers Media SA},
  author = {Pleyer,  Jonas and Fleck,  Christian},
  year = {2023},
  month = jan 
}

@article{Abar2017,
  title = {Agent Based Modelling and Simulation tools: A review of the state-of-art software},
  volume = {24},
  ISSN = {1574-0137},
  url = {http://dx.doi.org/10.1016/j.cosrev.2017.03.001},
  DOI = {10.1016/j.cosrev.2017.03.001},
  journal = {Computer Science Review},
  publisher = {Elsevier BV},
  author = {Abar,  Sameera and Theodoropoulos,  Georgios K. and Lemarinier,  Pierre and O’Hare,  Gregory M.P.},
  year = {2017},
  month = may,
  pages = {13–33}
}

@article{Rodgers1985,
  title = {Improvements in multiprocessor system design},
  volume = {13},
  ISSN = {0163-5964},
  url = {http://dx.doi.org/10.1145/327070.327215},
  DOI = {10.1145/327070.327215},
  number = {3},
  journal = {ACM SIGARCH Computer Architecture News},
  publisher = {Association for Computing Machinery (ACM)},
  author = {Rodgers,  David P.},
  year = {1985},
  month = jun,
  pages = {225–231}
}

@article{kawasakiModelingSpatioTemporalPatterns1997,
  title = {Modeling {{Spatio-Temporal Patterns Generated byBacillus}} Subtilis},
  author = {Kawasaki, K. and Mochizuki, A. and Matsushita, M. and Umeda, T. and Shigesada, N.},
  year = {1997},
  month = sep,
  doi = {10.1006/jtbi.1997.0462},
}

@article{matsushitaInterfaceGrowthPattern1998,
  title = {Interface Growth and Pattern Formation in Bacterial Colonies},
  author = {Matsushita, M. and Wakita, J. and Itoh, H. and R{\`a}fols, I. and Matsuyama, T. and Sakaguchi, H. and Mimura, M.},
  year = {1998},
  month = jan,
  doi = {10.1016/S0378-4371(97)00511-6},
}

@article{Bouyer2008,
  title = {Two-Dimensional Patterning by a Trapping/Depletion Mechanism: The Role of TTG1 and GL3 in Arabidopsis Trichome Formation},
  volume = {6},
  ISSN = {1545-7885},
  url = {http://dx.doi.org/10.1371/journal.pbio.0060141},
  DOI = {10.1371/journal.pbio.0060141},
  number = {6},
  journal = {PLoS Biology},
  publisher = {Public Library of Science (PLoS)},
  author = {Bouyer,  Daniel and Geier,  Florian and Kragler,  Friedrich and Schnittger,  Arp and Pesch,  Martina and Wester,  Katja and Balkunde,  Rachappa and Timmer,  Jens and Fleck,  Christian and H\"{u}lskamp,  Martin},
  editor = {Weigel,  Detlef},
  year = {2008},
  month = jun,
  pages = {e141}
}

@article{Arajo2017,
  title = {Stochastic gene expression in Arabidopsis thaliana},
  volume = {8},
  ISSN = {2041-1723},
  url = {http://dx.doi.org/10.1038/s41467-017-02285-7},
  DOI = {10.1038/s41467-017-02285-7},
  number = {1},
  journal = {Nature Communications},
  publisher = {Springer Science and Business Media LLC},
  author = {Araújo,  Ilka Schultheiß and Pietsch,  Jessica Magdalena and Keizer,  Emma Mathilde and Greese,  Bettina and Balkunde,  Rachappa and Fleck,  Christian and H\"{u}lskamp,  Martin},
  year = {2017},
  month = dec 
}

@article{Turing1952,
  author = {Turing, Alan Mathison },
  title = {The chemical basis of morphogenesis},
  journal = {Philosophical Transactions of the Royal Society of London. Series B, Biological Sciences},
  volume = {237},
  number = {641},
  pages = {37-72},
  year = {1952},
  doi = {10.1098/rstb.1952.0012},
  URL = {https://royalsocietypublishing.org/doi/abs/10.1098/rstb.1952.0012},
  eprint = {https://royalsocietypublishing.org/doi/pdf/10.1098/rstb.1952.0012},
}

@book{Pleyer2024jonaspleyer,
	title = {jonaspleyer/cr_trichome},
	url = {https://github.com/jonaspleyer/cr_trichome},
	author = {Pleyer, Jonas},
	date = {2024-08-01},
	year = {2024},
	month = {8},
	day = {1},
}

@article{Datseris2022,
  title = {Agents.jl: a performant and feature-full agent-based modeling software of minimal code complexity},
  ISSN = {1741-3133},
  url = {http://dx.doi.org/10.1177/00375497211068820},
  DOI = {10.1177/00375497211068820},
  journal = {SIMULATION},
  publisher = {SAGE Publications},
  author = {Datseris,  George and Vahdati,  Ali R. and DuBois,  Timothy C.},
  year = {2022},
  month = jan,
  pages = {003754972110688}
}

@techreport{Wilensky:1999,
  address = {Northwestern University, Evanston, IL},
  author = {Wilensky, Uri},
  date = {2010-02-19 07:37:44 -0600},
  institution = {Center for Connected Learning and Computer-Based Modeling},
  keywords = {agent-based methodology modeling simulation},
  title = {NetLogo},
  type = {http://ccl.northwestern.edu/netlogo/},
  url = {http://ccl.northwestern.edu/netlogo/},
  year = 1999
}
