@article{Graner1992,
  title = {Simulation of biological cell sorting using a two-dimensional extended Potts model},
  volume = {69},
  ISSN = {0031-9007},
  url = {http://dx.doi.org/10.1103/PhysRevLett.69.2013},
  DOI = {10.1103/physrevlett.69.2013},
  number = {13},
  journal = {Physical Review Letters},
  publisher = {American Physical Society (APS)},
  author = {Graner,  Fran\c{c}ois and Glazier,  James A.},
  year = {1992},
  month = sep,
  pages = {2013–2016}
}

@article{games1970fantastic,
  title={The fantastic combinations of John Conway’s new solitaire game “life” by Martin Gardner},
  author={Games, Mathematical},
  journal={Scientific American},
  volume={223},
  pages={120--123},
  year={1970}
}
